<record><leader>00000cas a22000007a 4500</leader><controlfield tag="001">2259205</controlfield><controlfield tag="008">760620d19221922pauwr ne      0    0eng d</controlfield><controlfield tag="009">54</controlfield><datafield ind1=" " ind2=" " tag="010"><subfield code="a">sn 85054956 </subfield></datafield><datafield ind1=" " ind2=" " tag="040"><subfield code="a">PIT</subfield><subfield code="b">eng</subfield><subfield code="c">PIT</subfield><subfield code="d">NPH</subfield></datafield><datafield ind1="1" ind2=" " tag="029"><subfield code="a">AU@</subfield><subfield code="b">000025802674</subfield></datafield><datafield ind1=" " ind2=" " tag="042"><subfield code="a">msc</subfield></datafield><datafield ind1="0" ind2="4" tag="245"><subfield code="a">The Cherry Tree news.</subfield></datafield><datafield ind1=" " ind2=" " tag="260"><subfield code="a">Cherry Tree, Pa. :</subfield><subfield code="b">Publicity Committee of the Cherry Tree Centennial Assoc.,</subfield><subfield code="c">1922-</subfield></datafield><datafield ind1=" " ind2=" " tag="300"><subfield code="a">v. :</subfield><subfield code="b">ill. ;</subfield><subfield code="c">56 cm.</subfield></datafield><datafield ind1=" " ind2=" " tag="310"><subfield code="a">Weekly</subfield></datafield><datafield ind1="0" ind2=" " tag="362"><subfield code="a">Vol. 1, no. 1 (June 28, 1922)-</subfield></datafield><datafield ind1="1" ind2=" " tag="362"><subfield code="a">Ceased with Vol. 1, no. 7 (Aug. 9, 1922)?</subfield></datafield><datafield ind1=" " ind2=" " tag="500"><subfield code="a">Issues for June 22-Aug. 2, 1922 called "Centennial ed."</subfield></datafield><datafield ind1=" " ind2=" " tag="500"><subfield code="a">Issue for Aug. 9, 1922 called "Souvenir ed."</subfield></datafield><datafield ind1=" " ind2=" " tag="752"><subfield code="a">United States</subfield><subfield code="b">Pennsylvania</subfield><subfield code="c">Indiana</subfield><subfield code="d">Cherry Tree.</subfield></datafield><datafield ind1=" " ind2=" " tag="752"><subfield code="a">United States</subfield><subfield code="b">Pennsylvania</subfield><subfield code="c">Indiana</subfield><subfield code="d">Cherrytree.</subfield></datafield></record>